<collection xmlns:xsi="http://www.w3.org/2001/XMLSchema-instance" xmlns="http://www.loc.gov/MARC21/slim" xsi:schemaLocation="http://www.loc.gov/MARC21/slim http://www.loc.gov/standards/marcxml/schema/MARC21slim.xsd">

<record>
  <leader>03411ckdaa2200457 a 4500</leader>
  <controlfield tag="001">3460133</controlfield>
  <controlfield tag="005">20100226102353.0</controlfield>
  <controlfield tag="008">870128n        xx ||| |||||||    k|eng d</controlfield>
  <datafield tag="035" ind1=" " ind2=" ">
    <subfield code="a">(OCoLC)83772211</subfield>
  </datafield>
  <datafield tag="035" ind1=" " ind2=" ">
    <subfield code="a">(OCoLC)ocm83772211</subfield>
  </datafield>
  <datafield tag="035" ind1=" " ind2=" ">
    <subfield code="a">(CStRLIN)NYDA87-F36</subfield>
  </datafield>
  <datafield tag="035" ind1=" " ind2=" ">
    <subfield code="9">AAA0604AD</subfield>
  </datafield>
  <datafield tag="035" ind1=" " ind2=" ">
    <subfield code="a">(NNC)3460133</subfield>
  </datafield>
  <datafield tag="040" ind1=" " ind2=" ">
    <subfield code="a">NNC</subfield>
    <subfield code="c">NNC</subfield>
    <subfield code="e">gihc</subfield>
  </datafield>
  <datafield tag="043" ind1=" " ind2=" ">
    <subfield code="a">n-us-fl</subfield>
  </datafield>
  <datafield tag="100" ind1="1" ind2=" ">
    <subfield code="a">Ferriss, Hugh,</subfield>
    <subfield code="d">1889-1962.</subfield>
  </datafield>
  <datafield tag="245" ind1="1" ind2="0">
    <subfield code="a">Inter-American Center, Biscayne Bay, Florida.</subfield>
    <subfield code="h">[graphic]</subfield>
  </datafield>
  <datafield tag="260" ind1=" " ind2=" ">
    <subfield code="c">[undated]</subfield>
  </datafield>
  <datafield tag="300" ind1=" " ind2=" ">
    <subfield code="a">9 drawings :</subfield>
    <subfield code="b">graphite and crayon on tracing paper ;</subfield>
    <subfield code="c">67.5 x 104.1 cm. (21 5/8 x 40 7/8 in.) or smaller.</subfield>
  </datafield>
  <datafield tag="500" ind1=" " ind2=" ">
    <subfield code="a">Title from drawing no. 45 in Power in buildings / Hugh Ferriss, 1953, which these drawings resemble.</subfield>
  </datafield>
  <datafield tag="580" ind1=" " ind2=" ">
    <subfield code="a">Forms part of the Hugh Ferriss architectural drawings and papers, Dept. of Drawings &amp; Archives, Avery Architectural and Fine Arts Library, Columbia University.</subfield>
  </datafield>
  <datafield tag="650" ind1=" " ind2="7">
    <subfield code="a">International organization buildings.</subfield>
    <subfield code="2">aat</subfield>
  </datafield>
  <datafield tag="655" ind1=" " ind2="7">
    <subfield code="a">Architectural drawings</subfield>
    <subfield code="x">American.</subfield>
    <subfield code="2">aat</subfield>
  </datafield>
  <datafield tag="655" ind1=" " ind2="7">
    <subfield code="a">Design development drawings.</subfield>
    <subfield code="2">aat</subfield>
  </datafield>
  <datafield tag="655" ind1=" " ind2="7">
    <subfield code="a">Unexecuted designs.</subfield>
    <subfield code="2">aat</subfield>
  </datafield>
  <datafield tag="655" ind1=" " ind2="7">
    <subfield code="a">Preliminary drawings.</subfield>
    <subfield code="2">aat</subfield>
  </datafield>
  <datafield tag="655" ind1=" " ind2="7">
    <subfield code="a">Bird's-eye views.</subfield>
    <subfield code="2">aat</subfield>
  </datafield>
  <datafield tag="655" ind1=" " ind2="7">
    <subfield code="a">Perspective drawings.</subfield>
    <subfield code="2">aat</subfield>
  </datafield>
  <datafield tag="651" ind1=" " ind2="0">
    <subfield code="a">Biscayne Bay (Fla.)</subfield>
  </datafield>
  <datafield tag="650" ind1=" " ind2="0">
    <subfield code="a">Architecture</subfield>
    <subfield code="z">United States</subfield>
    <subfield code="v">Designs and plans.</subfield>
  </datafield>
  <datafield tag="799" ind1="4" ind2="3">
    <subfield code="a">The Hugh Ferriss collection, Dept. of Drawings &amp; Archives, Avery Architectural &amp; Fine Arts Library.</subfield>
  </datafield>
  <datafield tag="789" ind1="0" ind2=" ">
    <subfield code="l">[1]</subfield>
    <subfield code="i">NYDA.1000.001.00037.</subfield>
    <subfield code="t">Bird's-eye view : 1st study at final size /</subfield>
    <subfield code="c">H.F.</subfield>
    <subfield code="p">Graphite, color crayon, and watercolor on paper ; 52.0 x 75.5 cm. (20 1/2 x 29 3/9 in.)</subfield>
    <subfield code="o">Initialed, lower right.</subfield>
  </datafield>
  <datafield tag="789" ind1="0" ind2=" ">
    <subfield code="l">[2]</subfield>
    <subfield code="i">NYDA.1000.001.00038.</subfield>
    <subfield code="t">[Perspective drawings]</subfield>
    <subfield code="p">Graphite, black crayon and color crayon on tracing paper ; 47.8 x 70.2 cm. (18 6/8 x 27 5/8 in.)</subfield>
  </datafield>
  <datafield tag="789" ind1="0" ind2=" ">
    <subfield code="l">[3]</subfield>
    <subfield code="i">NYDA.1000.001.00039.</subfield>
    <subfield code="t">[Aerial perspective of site, rough sketch] :</subfield>
    <subfield code="n">number 15.</subfield>
    <subfield code="p">Graphite and color crayon (and black crayon) on paper ; 42.8 x 60.9 cm. (16 7/8 x 24 in.)</subfield>
  </datafield>
  <datafield tag="789" ind1="0" ind2=" ">
    <subfield code="l">[4]</subfield>
    <subfield code="i">NYDA.1000.001.00040.</subfield>
    <subfield code="t">[Perspective drawing] /</subfield>
    <subfield code="c">HF.</subfield>
    <subfield code="p">Graphite, black crayon, and color crayon on tracing paper ; 39.3 x 67.2 cm. (15 1/2 x 26 1/2 in.)</subfield>
    <subfield code="o">Inscribed: "Ma[ts?]".</subfield>
  </datafield>
  <datafield tag="789" ind1="0" ind2=" ">
    <subfield code="l">[5]</subfield>
    <subfield code="i">NYDA.1000.001.00041.</subfield>
    <subfield code="t">[Perspective drawing with arch structures]</subfield>
    <subfield code="p">Black crayon (charcoal?) with color chalk on tracing paper ; 31.6 x 44.1 cm. (12 1/2 x 17 3/8 in.)</subfield>
    <subfield code="o">"Ferriss-1808" written on lower right hand corner of sheet.; 1" = 50'--inscribed.</subfield>
  </datafield>
  <datafield tag="789" ind1="0" ind2=" ">
    <subfield code="l">[6]</subfield>
    <subfield code="i">NYDA.1000.001.00260.</subfield>
    <subfield code="t">[Site plan and preliminary perspective]</subfield>
    <subfield code="p">Graphite with color pencil and chalk on paper ; 67.5 x 43.6 cm. (26 5/8 x 17 1/4 in.).</subfield>
    <subfield code="o">Arched structure similar to 1000.001.00041. in perspective view.</subfield>
  </datafield>
  <datafield tag="789" ind1="0" ind2=" ">
    <subfield code="l">[7]</subfield>
    <subfield code="i">NYDA.1000.001.00042.</subfield>
    <subfield code="t">[Partial sketch of hemisphere structure and support rigging]</subfield>
    <subfield code="p">Graphite and color crayon ; 38.9 x 53.9 cm. (15 3/8 x 21 1/4 in.).</subfield>
    <subfield code="o">Mounted on paper with drawing on verso, see 1000.001.00350.</subfield>
  </datafield>
  <datafield tag="789" ind1="0" ind2=" ">
    <subfield code="l">[8]</subfield>
    <subfield code="i">NYDA.1000.001.00043.</subfield>
    <subfield code="t">"Positive Photostat" : [perspective drawing with color]</subfield>
    <subfield code="p">Graphite and black crayon and color crayon with chalk and watercolor and white goache on tracing paper ; 55.7 x 82.2 cm. (22 x 32 3/8 in.)</subfield>
  </datafield>
  <datafield tag="789" ind1="0" ind2=" ">
    <subfield code="l">[9]</subfield>
    <subfield code="i">NYDA.1000.001.00044.</subfield>
    <subfield code="t">[Perspective of building entrance]</subfield>
    <subfield code="p">Black crayon or charcoal on tracing paper ; 62.2 x 104.1 cm. (24 1/2 x 40 7/8 in.)</subfield>
    <subfield code="o">With bound sheet. List of title in Ferriss' hand.</subfield>
  </datafield>
  <datafield tag="900" ind1=" " ind2=" ">
    <subfield code="a">AUTH</subfield>
  </datafield>
</record>

</collection>